% Encoding: UTF-8

@www{Beaufort2023,
  author  = {François Beaufort},
  date    = {2023-09-19},
  title   = {From WebGL to WebGPU},
  url     = {https://developer.chrome.com/blog/from-webgl-to-webgpu},
  urldate = {2023-12-09}
}

@thesis{Fransson2023,
  author      = {Fransson, Emil and Hermansson, Jonatan},
  date        = {2023},
  institution = {Blekinge Institute of Technology, Faculty of Computing},
  title       = {Performance comparison of WebGPU and WebGL in the Godot game engine},
  pages       = {102},
  keywords    = {Game Engine, Performance Overhead, Rendering, WebGPU, WebGL, Spelmotor, Prestandakostnader, Rendering, WebGPU, WebGL},
  school      = {, Faculty of Computing}
}

@www{Gu2023,
  author  = {Yang Gu},
  date    = {2023-09-14},
  title   = {Unlock the Potential of AI and Immersive Web Applications with WebGPU},
  url     = {https://www.intel.com/content/www/us/en/developer/articles/technical/unlock-potential-ai-immersive-web-apps-with-webgpu.html},
  urldate = {2023-12-07}
}

@www{Shumylo2023,
  author  = {Ivanna Shumylo},
  date    = {2023-04-20},
  title   = {The Future of Web Development: Trends and Technologies to Watch Out For in 2023. Part 2},
  url     = {https://stfalcon.com/en/blog/post/web-development-trends-part-2},
  urldate = {2023-12-07}
}

@www{Shumylo2023a,
  author  = {Ivanna Shumylo},
  date    = {2023-04-19},
  title   = {The Future of Web Development: Trends and Technologies to Watch Out For in 2023},
  url     = {https://stfalcon.com/en/blog/post/web-development-trends},
  urldate = {2023-12-07}
}

@www{W3C2023,
  author  = {{{W3C}}},
  date    = {2023-12-06},
  title   = {W3C Editor's Draft - WebGPU},
  url     = {https://gpuweb.github.io/gpuweb/},
  urldate = {2023-12-07}
}

@www{Wallez2023,
  author  = {Corentin Wallez and Brandon Jones and François Beaufort},
  date    = {2023-10-05},
  title   = {WebGPU: Unlocking modern GPU access in the browser},
  url     = {https://developer.chrome.com/blog/webgpu-io2023/},
  urldate = {2023-12-13}
}

@Comment{jabref-meta: databaseType:biblatex;}
